<record xmlns="http://www.loc.gov/MARC21/slim">
<!-- Length implementation at offset 22 should hold a digit. Assuming 0 -->
  <leader>00988nam0a32003011  450 </leader>
  <datafield tag="001" ind1="0" ind2="0" ind3="0">
    <subfield code="a">9 181 423 4</subfield>
    <subfield code="b">710100</subfield>
    <subfield code="f">a</subfield>
  </datafield>
  <datafield tag="004" ind1="0" ind2="0" ind3="0">
    <subfield code="r">n</subfield>
    <subfield code="a">e</subfield>
  </datafield>
  <datafield tag="008" ind1="0" ind2="0" ind3="0">
    <subfield code="t">m</subfield>
    <subfield code="u">u</subfield>
    <subfield code="a">2002</subfield>
    <subfield code="b">us</subfield>
    <subfield code="l">eng</subfield>
    <subfield code="v">0</subfield>
  </datafield>
  <datafield tag="009" ind1="0" ind2="0" ind3="0">
    <subfield code="a">a</subfield>
    <subfield code="g">xx</subfield>
  </datafield>
  <datafield tag="021" ind1="0" ind2="0" ind3="0">
    <subfield code="a">1-4000-4596-7</subfield>
    <subfield code="d">$14,00</subfield>
  </datafield>
  <datafield tag="032" ind1="0" ind2="0" ind3="0">
    <subfield code="&amp;">DBC200439</subfield>
  </datafield>
  <datafield tag="100" ind1="0" ind2="0" ind3="0">
    <subfield code="0"></subfield>
    <subfield code="a">Sloman</subfield>
    <subfield code="h">Larry</subfield>
  </datafield>
  <datafield tag="245" ind1="0" ind2="0" ind3="0">
    <subfield code="a">On the road with Bob Dylan</subfield>
    <subfield code="e">Larry &quot;Ratso&quot; Sloman</subfield>
  </datafield>
  <datafield tag="250" ind1="0" ind2="0" ind3="0">
    <subfield code="a">Revised edition</subfield>
    <subfield code="b">Three Rivers Press</subfield>
  </datafield>
  <datafield tag="260" ind1="0" ind2="0" ind3="0">
    <subfield code="a">New York</subfield>
    <subfield code="b">Three Rivers Press</subfield>
    <subfield code="c">2002</subfield>
  </datafield>
  <datafield tag="300" ind1="0" ind2="0" ind3="0">
    <subfield code="a">xv, 464 sider, tavler</subfield>
  </datafield>
  <datafield tag="504" ind1="0" ind2="0" ind3="0">
    <subfield code="a">Larry &quot;Ratso&quot; Slomans meget personlige beretning om Bob Dylans koncertturne i USA i 1975: &quot;The Rolling Thunder revue&quot;</subfield>
  </datafield>
  <datafield tag="512" ind1="0" ind2="0" ind3="0">
    <subfield code="a">På omslaget: With a new introduction by Kinky Friedman</subfield>
  </datafield>
  <datafield tag="520" ind1="0" ind2="0" ind3="0">
    <subfield code="a">Tidligere: 1. udgave. New York, Bantam, 1978</subfield>
  </datafield>
  <datafield tag="652" ind1="0" ind2="0" ind3="0">
    <subfield code="0"></subfield>
    <subfield code="m">99.4</subfield>
    <subfield code="a">Dylan</subfield>
    <subfield code="h">Bob</subfield>
  </datafield>
  <datafield tag="652" ind1="0" ind2="0" ind3="0">
    <subfield code="p">78.9064</subfield>
    <subfield code="v">5</subfield>
  </datafield>
  <datafield tag="666" ind1="0" ind2="0" ind3="0">
    <subfield code="f">folkemusik</subfield>
  </datafield>
  <datafield tag="666" ind1="0" ind2="0" ind3="0">
    <subfield code="f">folkemusikere</subfield>
  </datafield>
  <datafield tag="666" ind1="0" ind2="0" ind3="0">
    <subfield code="f">rockmusik</subfield>
  </datafield>
  <datafield tag="666" ind1="0" ind2="0" ind3="0">
    <subfield code="f">rockmusikere</subfield>
  </datafield>
  <datafield tag="666" ind1="0" ind2="0" ind3="0">
    <subfield code="f">rockkoncerter</subfield>
  </datafield>
  <datafield tag="666" ind1="0" ind2="0" ind3="0">
    <subfield code="e">USA</subfield>
  </datafield>
  <datafield tag="666" ind1="0" ind2="0" ind3="0">
    <subfield code="i">1970-1979</subfield>
  </datafield>
</record>
